\usepackage{url}

@article{gelman2020bayesian,
  title={Bayesian workflow},
  author={Gelman, Andrew and Vehtari, Aki and Simpson, Daniel and Margossian, Charles C and Carpenter, Bob and Yao, Yuling and Kennedy, Lauren and Gabry, Jonah and B{\"u}rkner, Paul-Christian and Modr{\'a}k, Martin},
  journal={arXiv preprint arXiv:2011.01808},
  year={2020}
}

@article{hill2004multiple,
  title={Multiple sudden infant deaths--coincidence or beyond coincidence?},
  author={Hill, Ray},
  journal={Paediatric and perinatal epidemiology},
  volume={18},
  number={5},
  pages={320--326},
  year={2004},
  publisher={Wiley Online Library}
}

@book{davison2003statistical,
  title={Statistical models},
  author={Davison, Anthony Christopher},
  volume={11},
  year={2003},
  publisher={Cambridge university press}
}

@manual{guardianXXXXobscure,
	title={The obscure maths theorem that governs the reliability of Covid testing},
	note={Available at \url{https://www.theguardian.com/world/2021/apr/18/obscure-maths-bayes-theorem-reliability-covid-lateral-flow-tests-probability}},
}

@article{ioannidis2005most,
  title={Why most published research findings are false},
  author={Ioannidis, John PA},
  journal={PLoS medicine},
  volume={2},
  number={8},
  pages={e124},
  year={2005},
  publisher={Public Library of Science}
}

@article{gelman2020bayesian,
  title={Bayesian workflow},
  author={Gelman, Andrew and Vehtari, Aki and Simpson, Daniel and Margossian, Charles C and Carpenter, Bob and Yao, Yuling and Kennedy, Lauren and Gabry, Jonah and B{\"u}rkner, Paul-Christian and Modr{\'a}k, Martin},
  journal={arXiv preprint arXiv:2011.01808},
  year={2020}
}\\

@article{gabry2019visualization,
  title={Visualization in Bayesian workflow},
  author={Gabry, Jonah and Simpson, Daniel and Vehtari, Aki and Betancourt, Michael and Gelman, Andrew},
  journal={Journal of the Royal Statistical Society: Series A (Statistics in Society)},
  volume={182},
  number={2},
  pages={389--402},
  year={2019},
  publisher={Wiley Online Library}
}

@manual{wojnowiczXXXXfoundations,
	title={Foundations of variational inference},
	author={Wojnowicz,  Michael},
	note={Available (with permission) at \url{https://github.com/mikewojnowicz/vi_foundations}},
}

@manual{wojnowiczXXXXexponential,
	title={The exponential family},
	author={Wojnowicz,  Michael},
	note={Available (with permission)},
}

@article{ghahramani2013bayesian,
  title={Bayesian non-parametrics and the probabilistic approach to modelling},
  author={Ghahramani, Zoubin},
  journal={Philosophical Transactions of the Royal Society A: Mathematical, Physical and Engineering Sciences},
  volume={371},
  number={1984},
  pages={20110553},
  year={2013},
  publisher={The Royal Society Publishing}
}\\

@book{hoff2009first,
  title={A first course in Bayesian statistical methods},
  author={Hoff, Peter D},
  volume={580},
  year={2009},
  publisher={Springer}
}

@book{gelman2013bayesian,
  title={Bayesian data analysis},
  author={Gelman, Andrew and Carlin, John B and Stern, Hal S and Dunson, David B and Vehtari, Aki and Rubin, Donald B},
  year={2013},
  publisher={CRC press}
}

@book{bishop2006pattern,
  title={Pattern recognition and machine learning},
  author={Bishop, Christopher M},
  year={2006},
  publisher={springer}
}


@article{held2006bayesian,
  title={Bayesian auxiliary variable models for binary and multinomial regression},
  author={Held, Leonhard and Holmes, Chris C},
  journal={Bayesian analysis},
  volume={1},
  number={1},
  pages={145--168},
  year={2006},
  publisher={International Society for Bayesian Analysis}
}

@article{wilson2020case,
  title={The case for Bayesian deep learning},
  author={Wilson, Andrew Gordon},
  journal={arXiv preprint arXiv:2001.10995},
  year={2020}
}
